=LDR  00506nam  22001695a 4500
=001  004156984
=003  NNU
=005  20150709160535.0
=008  150709s2000\\\\ii\\\\\\\\\\\\000\0\hin\d
=FMT  \\BK
=020  \\$a8126700238
=040  \\$aNNU$beng$cNNU
=100  1\$aPatanayaka, Kisana.
=245  10$aVikalpahina nahim hai duniya :$bsabhyata, samaja aura buddhijivi ki sthiti para kucha vicara.
=250  \\$a1. samskarana .
=260  \\$aNayi Dilli :$bRajakamala Prakasana,$c2000.
=852  0\$aNNU$bBOBST$cMAIN$p31142057590013

